@ARTICLE{ramalho2018encoding,
       author = {{Ramalho}, Tiago and {Ko{\v{c}}isk{\'y}}, Tom{\'a}{\v{s}} and {Besse}, Frederic and {Eslami}, S.~M. Ali and {Melis}, G{\'a}bor and {Viola}, Fabio and {Blunsom}, Phil and {Hermann}, Karl Moritz},
        title = "{Encoding Spatial Relations from Natural Language}",
      journal = {arXiv e-prints},
     keywords = {Computer Science - Computation and Language, Computer Science - Artificial Intelligence, Computer Science - Computer Vision and Pattern Recognition, Computer Science - Machine Learning},
         year = 2018,
        month = jul,
          eid = {arXiv:1807.01670},
        pages = {arXiv:1807.01670},
archivePrefix = {arXiv},
       eprint = {1807.01670},
 primaryClass = {cs.CL},
       adsurl = {https://ui.adsabs.harvard.edu/abs/2018arXiv180701670R},
      adsnote = {Provided by the SAO/NASA Astrophysics Data System}
}




@article{hudsonGQANewDataset2019,
  title = {{{GQA}}: {{A New Dataset}} for {{Real}}-{{World Visual Reasoning}} and {{Compositional Question Answering}}},
  shorttitle = {{{GQA}}},
  author = {Hudson, Drew A. and Manning, Christopher D.},
  year = {2019},
  month = may,
  journal = {arXiv:1902.09506 [cs]},
  eprint = {1902.09506},
  eprinttype = {arxiv},
  primaryclass = {cs},
  archiveprefix = {arXiv},
  keywords = {Computer Science - Artificial Intelligence,Computer Science - Computation and Language,Computer Science - Computer Vision and Pattern Recognition,Computer Science - Machine Learning},
}


@ARTICLE{2016arXiv160408772G,
       author = {{Gregor}, Karol and {Besse}, Frederic and {Jimenez Rezende}, Danilo and {Danihelka}, Ivo and {Wierstra}, Daan},
        title = "{Towards Conceptual Compression}",
      journal = {arXiv e-prints},
     keywords = {Statistics - Machine Learning, Computer Science - Computer Vision and Pattern Recognition, Computer Science - Machine Learning},
         year = 2016,
        month = apr,
          eid = {arXiv:1604.08772},
        pages = {arXiv:1604.08772},
archivePrefix = {arXiv},
       eprint = {1604.08772},
 primaryClass = {stat.ML},
       adsurl = {https://ui.adsabs.harvard.edu/abs/2016arXiv160408772G},
      adsnote = {Provided by the SAO/NASA Astrophysics Data System}
}


@article{vaswani2017attention,
  title={Attention is all you need},
  author={Vaswani, Ashish and Shazeer, Noam and Parmar, Niki and Uszkoreit, Jakob and Jones, Llion and Gomez, Aidan N and Kaiser, {\L}ukasz and Polosukhin, Illia},
  journal={Advances in neural information processing systems},
  volume={30},
  year={2017}
}

@ARTICLE{xiong2020layer,
       author = {{Xiong}, Ruibin and {Yang}, Yunchang and {He}, Di and {Zheng}, Kai and {Zheng}, Shuxin and {Xing}, Chen and {Zhang}, Huishuai and {Lan}, Yanyan and {Wang}, Liwei and {Liu}, Tie-Yan},
        title = "{On Layer Normalization in the Transformer Architecture}",
      journal = {arXiv e-prints},
     keywords = {Computer Science - Machine Learning, Computer Science - Computation and Language, Statistics - Machine Learning},
         year = 2020,
        month = feb,
          eid = {arXiv:2002.04745},
        pages = {arXiv:2002.04745},
archivePrefix = {arXiv},
       eprint = {2002.04745},
 primaryClass = {cs.LG},
       adsurl = {https://ui.adsabs.harvard.edu/abs/2020arXiv200204745X},
      adsnote = {Provided by the SAO/NASA Astrophysics Data System}
}



@ARTICLE{2015arXiv150604214S,
       author = {{Shi}, Xingjian and {Chen}, Zhourong and {Wang}, Hao and {Yeung}, Dit-Yan and {Wong}, Wai-kin and {Woo}, Wang-chun},
        title = "{Convolutional LSTM Network: A Machine Learning Approach for Precipitation Nowcasting}",
      journal = {arXiv e-prints},
     keywords = {Computer Science - Computer Vision and Pattern Recognition},
         year = 2015,
        month = jun,
          eid = {arXiv:1506.04214},
        pages = {arXiv:1506.04214},
archivePrefix = {arXiv},
       eprint = {1506.04214},
 primaryClass = {cs.CV},
       adsurl = {https://ui.adsabs.harvard.edu/abs/2015arXiv150604214S},
      adsnote = {Provided by the SAO/NASA Astrophysics Data System}
}

@ARTICLE{7508408,  
    author={Greff, Klaus and Srivastava, Rupesh K. and Koutník, Jan and Steunebrink, Bas R. and Schmidhuber, Jürgen},  
    journal={IEEE Transactions on Neural Networks and Learning Systems},   
    title={LSTM: A Search Space Odyssey},   
    year={2017},  volume={28},  number={10},  
    pages={2222-2232},  doi={10.1109/TNNLS.2016.2582924}
}

@ARTICLE{2013arXiv1312.6114K,
       author = {{Kingma}, Diederik P and {Welling}, Max},
        title = "{Auto-Encoding Variational Bayes}",
      journal = {arXiv e-prints},
     keywords = {Statistics - Machine Learning, Computer Science - Machine Learning},
         year = 2013,
        month = dec,
          eid = {arXiv:1312.6114},
        pages = {arXiv:1312.6114},
archivePrefix = {arXiv},
       eprint = {1312.6114},
 primaryClass = {stat.ML},
       adsurl = {https://ui.adsabs.harvard.edu/abs/2013arXiv1312.6114K},
      adsnote = {Provided by the SAO/NASA Astrophysics Data System}
}

@inproceedings{pennington-etal-2014-glove,
    title = "{G}lo{V}e: Global Vectors for Word Representation",
    author = "Pennington, Jeffrey  and
      Socher, Richard  and
      Manning, Christopher",
    booktitle = "Proceedings of the 2014 Conference on Empirical Methods in Natural Language Processing ({EMNLP})",
    month = oct,
    year = "2014",
    address = "Doha, Qatar",
    publisher = "Association for Computational Linguistics",
    url = "https://aclanthology.org/D14-1162",
    doi = "10.3115/v1/D14-1162",
    pages = "1532--1543",
}